<?xml version="1.0" encoding="UTF-8"?><record xmlns="http://www.loc.gov/MARC21/slim" xmlns:cinclude="http://apache.org/cocoon/include/1.0" xmlns:zs="http://www.loc.gov/zing/srw/">
  <leader>01057cz  a2200205n  4500</leader>
  <controlfield tag="001">no2006123685</controlfield>
  <controlfield tag="003">DLC</controlfield>
  <controlfield tag="005">20110423075135.0</controlfield>
  <controlfield tag="008">061119n| acannaabn          |b aaa     c</controlfield>
  <datafield tag="010" ind1=" " ind2=" ">
    <subfield code="a">no2006123685</subfield>
  </datafield>
  <datafield tag="035" ind1=" " ind2=" ">
    <subfield code="a">(OCoLC)oca07257481</subfield>
  </datafield>
  <datafield tag="040" ind1=" " ind2=" ">
    <subfield code="a">ICU</subfield>
    <subfield code="b">eng</subfield>
    <subfield code="c">ICU</subfield>
    <subfield code="d">WU</subfield>
    <subfield code="d">OCoLC</subfield>
    <subfield code="d">OrU</subfield>
  </datafield>
  <datafield tag="100" ind1="1" ind2=" ">
    <subfield code="a">Barent︠s︡, Gurgen</subfield>
  </datafield>
  <datafield tag="400" ind1="1" ind2=" ">
    <subfield code="a">Barent︠s︡, G.</subfield>
    <subfield code="q">(Gurgen)</subfield>
  </datafield>
  <datafield tag="400" ind1="1" ind2=" ">
    <subfield code="a">Karapeti︠a︡n, Gurgen Sergeevich</subfield>
  </datafield>
  <datafield tag="400" ind1="1" ind2=" ">
    <subfield code="a">Баренц, Гурген</subfield>
  </datafield>
  <datafield tag="667" ind1=" " ind2=" ">
    <subfield code="a">Machine-derived non-Latin script reference project.</subfield>
  </datafield>
  <datafield tag="667" ind1=" " ind2=" ">
    <subfield code="a">Non-Latin script reference not evaluated.</subfield>
  </datafield>
  <datafield tag="670" ind1=" " ind2=" ">
    <subfield code="a">Loza i kamenʹ, 1990:</subfield>
    <subfield code="b">t.p. verso (Gurgen Barent︠s︡; G. Barent︠s︡)</subfield>
  </datafield>
  <datafield tag="670" ind1=" " ind2=" ">
    <subfield code="a">Uroki dorogi, 2010:</subfield>
    <subfield code="b">(Гурген Баренц = Gurgen Barent︠s︡) t.p. verso (Gurgen Barentsʻ) p. 4 (Гурген Баренц = Gurgen Barent︠s︡; Гурген Сергеевич Карапетян = Gurgen Sergeevich Karapeti︠a︡n; b. in 1952 in Erevan, Armenia; poet, translator, journalist, literary critic; Ph.D. in Philology; expert on Russian and Armenian literature)</subfield>
  </datafield>
</record>